% This file was created with JabRef 2.9.2.
% Encoding: Cp1250

@BOOK{radarhandbook,
  author =       "Merrill Skolnik",
  title =        "Radar Handbook",
  publisher =    "New York : McGraw-Hill Professional ",
  year =         "2008",
  isbn =         "978-0071485470",
}

@ELECTRONIC{radartutor,
  author =       "Christian Wolff",
  title =        "Radar Tutorial",
  url =          "http://www.radartutorial.eu/index.en.html",
  note =         "[Online; citované 12.01.2017]",
}

@MISC{kmc4sheet,
  author =       "RFbeam",
  title =        "K-MC4 Monopulse Radar Transceiver Datasheet",
  year =         "2013",
  month =        "Jan",
  url =          "https://www.rfbeam.ch/files/products/18/downloads/Datasheet_K-MC4.pdf",
  note =         "[Online; citované 12.01.2017]",
}
